%% This BibTeX bibliography file was created using BibDesk.
%% http://bibdesk.sourceforge.net/

%% Created for Robert Daly at 2018-06-04 11:34:35 +1000 


%% Saved with string encoding Unicode (UTF-8) 



@article{henriques2013perceptions,
	Author = {Henriques, Alice},
	Date-Added = {2018-06-04 01:33:03 +0000},
	Date-Modified = {2018-06-04 01:34:01 +0000},
	Journal = {Staff working papers in the Finance and Economics Discussion Series},
	Title = {Are homeowners in denial about their house values? Comparing owner perceptions with transaction-based indexes},
	Year = {2013}}

@book{brostrom2012event,
	Author = {Brostr{\"o}m, G{\"o}ran},
	Date-Added = {2018-06-04 00:47:17 +0000},
	Date-Modified = {2018-06-04 00:47:17 +0000},
	Publisher = {CRC Press},
	Title = {Event history analysis with R},
	Year = {2012}}

@manual{survival,
	Author = {Terry M Therneau},
	Date-Added = {2018-05-26 12:58:55 +0000},
	Date-Modified = {2018-05-26 12:59:32 +0000},
	Title = {A Package for Survival Analysis in S},
	Year = {2015}}

@article{hertz1997validity,
	Author = {Irva Hertz-Picciotto and Beverly Rockhill},
	Date-Added = {2018-04-23 05:09:58 +0000},
	Date-Modified = {2018-04-23 05:11:13 +0000},
	Journal = {Biometrics},
	Month = {9},
	Title = {Validity and Efficiency of Approximation Methods for Tied Survival Times in Cox Regression},
	Year = {1997}}

@article{efron1977efficiency,
	Author = {Bradley Efron},
	Date-Added = {2018-04-12 10:19:23 +0000},
	Date-Modified = {2018-04-12 10:20:20 +0000},
	Journal = {Journal of the American Statistical Association},
	Number = {359},
	Pages = {557-565},
	Title = {The Efficiency of Cox's Likelihood Function for Censored Data},
	Volume = {72},
	Year = {1977},
	Bdsk-File-1 = {YnBsaXN0MDDUAQIDBAUGJCVYJHZlcnNpb25YJG9iamVjdHNZJGFyY2hpdmVyVCR0b3ASAAGGoKgHCBMUFRYaIVUkbnVsbNMJCgsMDxJXTlMua2V5c1pOUy5vYmplY3RzViRjbGFzc6INDoACgAOiEBGABIAFgAdccmVsYXRpdmVQYXRoWWFsaWFzRGF0YV8QKi4uL1Jlc2VhcmNoX1BhcGVycy9lZnJvbjE5NzdlZmZpY2llbmN5LnBkZtIXCxgZV05TLmRhdGFPEQHOAAAAAAHOAAIAAAxNYWNpbnRvc2ggSEQAAAAAAAAAAAAAAAAAAAAAAAAAQkQAAf////8XZWZyb24xOTc3ZWZmaWNpZW5jeS5wZGYAAAAAAAAAAAAAAAAAAAAAAAAAAAAAAAAAAAAAAAAAAAAAAAAAAAAA/////wAAAAAAAAAAAAAAAAABAAIAAAogY3UAAAAAAAAAAAAAAAAAD1Jlc2VhcmNoX1BhcGVycwAAAgBeLzpVc2Vyczpyb2JlcnRkYWx5OkRvY3VtZW50czpNYXN0ZXJFY29uQW5hbHlzaXM6VGhlc2lzOlJlc2VhcmNoX1BhcGVyczplZnJvbjE5NzdlZmZpY2llbmN5LnBkZgAOADAAFwBlAGYAcgBvAG4AMQA5ADcANwBlAGYAZgBpAGMAaQBlAG4AYwB5AC4AcABkAGYADwAaAAwATQBhAGMAaQBuAHQAbwBzAGgAIABIAEQAEgBcVXNlcnMvcm9iZXJ0ZGFseS9Eb2N1bWVudHMvTWFzdGVyRWNvbkFuYWx5c2lzL1RoZXNpcy9SZXNlYXJjaF9QYXBlcnMvZWZyb24xOTc3ZWZmaWNpZW5jeS5wZGYAEwABLwAAFQACABH//wAAgAbSGxwdHlokY2xhc3NuYW1lWCRjbGFzc2VzXU5TTXV0YWJsZURhdGGjHR8gVk5TRGF0YVhOU09iamVjdNIbHCIjXE5TRGljdGlvbmFyeaIiIF8QD05TS2V5ZWRBcmNoaXZlctEmJ1Ryb290gAEACAARABoAIwAtADIANwBAAEYATQBVAGAAZwBqAGwAbgBxAHMAdQB3AIQAjgC7AMAAyAKaApwCoQKsArUCwwLHAs4C1wLcAukC7AL+AwEDBgAAAAAAAAIBAAAAAAAAACgAAAAAAAAAAAAAAAAAAAMI}}

@article{anderson1982cox,
	Author = {P. K. Andersen and R. D. Gill},
	Date-Added = {2018-04-12 10:18:20 +0000},
	Date-Modified = {2018-04-12 10:19:04 +0000},
	Journal = {The Annals of Statistics},
	Number = {4},
	Pages = {1100-1120},
	Title = {Cox's Regression Model for Counting Processes: A Large Sample Study},
	Volume = {10},
	Year = {1982},
	Bdsk-File-1 = {YnBsaXN0MDDUAQIDBAUGJCVYJHZlcnNpb25YJG9iamVjdHNZJGFyY2hpdmVyVCR0b3ASAAGGoKgHCBMUFRYaIVUkbnVsbNMJCgsMDxJXTlMua2V5c1pOUy5vYmplY3RzViRjbGFzc6INDoACgAOiEBGABIAFgAdccmVsYXRpdmVQYXRoWWFsaWFzRGF0YV8QJi4uL1Jlc2VhcmNoX1BhcGVycy9hbmRlcnNvbjE5ODJjb3gucGRm0hcLGBlXTlMuZGF0YU8RAb4AAAAAAb4AAgAADE1hY2ludG9zaCBIRAAAAAAAAAAAAAAAAAAAAAAAAABCRAAB/////xNhbmRlcnNvbjE5ODJjb3gucGRmAAAAAAAAAAAAAAAAAAAAAAAAAAAAAAAAAAAAAAAAAAAAAAAAAAAAAAAAAAD/////AAAAAAAAAAAAAAAAAAEAAgAACiBjdQAAAAAAAAAAAAAAAAAPUmVzZWFyY2hfUGFwZXJzAAACAFovOlVzZXJzOnJvYmVydGRhbHk6RG9jdW1lbnRzOk1hc3RlckVjb25BbmFseXNpczpUaGVzaXM6UmVzZWFyY2hfUGFwZXJzOmFuZGVyc29uMTk4MmNveC5wZGYADgAoABMAYQBuAGQAZQByAHMAbwBuADEAOQA4ADIAYwBvAHgALgBwAGQAZgAPABoADABNAGEAYwBpAG4AdABvAHMAaAAgAEgARAASAFhVc2Vycy9yb2JlcnRkYWx5L0RvY3VtZW50cy9NYXN0ZXJFY29uQW5hbHlzaXMvVGhlc2lzL1Jlc2VhcmNoX1BhcGVycy9hbmRlcnNvbjE5ODJjb3gucGRmABMAAS8AABUAAgAR//8AAIAG0hscHR5aJGNsYXNzbmFtZVgkY2xhc3Nlc11OU011dGFibGVEYXRhox0fIFZOU0RhdGFYTlNPYmplY3TSGxwiI1xOU0RpY3Rpb25hcnmiIiBfEA9OU0tleWVkQXJjaGl2ZXLRJidUcm9vdIABAAgAEQAaACMALQAyADcAQABGAE0AVQBgAGcAagBsAG4AcQBzAHUAdwCEAI4AtwC8AMQChgKIAo0CmAKhAq8CswK6AsMCyALVAtgC6gLtAvIAAAAAAAACAQAAAAAAAAAoAAAAAAAAAAAAAAAAAAAC9A==}}

@article{cox1972regression,
	Author = {D. R. Cox},
	Date-Added = {2018-04-11 15:28:45 +0000},
	Date-Modified = {2018-04-11 15:29:50 +0000},
	Journal = {Journal of the Royal Statistical Society},
	Number = {2},
	Pages = {187-220},
	Title = {Regression Models and Life-Tables},
	Volume = {34},
	Year = {1972},
	Bdsk-File-1 = {YnBsaXN0MDDUAQIDBAUGJCVYJHZlcnNpb25YJG9iamVjdHNZJGFyY2hpdmVyVCR0b3ASAAGGoKgHCBMUFRYaIVUkbnVsbNMJCgsMDxJXTlMua2V5c1pOUy5vYmplY3RzViRjbGFzc6INDoACgAOiEBGABIAFgAdccmVsYXRpdmVQYXRoWWFsaWFzRGF0YV8QKC4uL1Jlc2VhcmNoX1BhcGVycy9jb3gxOTcycmVncmVzc2lvbi5wZGbSFwsYGVdOUy5kYXRhTxEBxgAAAAABxgACAAAMTWFjaW50b3NoIEhEAAAAAAAAAAAAAAAAAAAAAAAAAEJEAAH/////FWNveDE5NzJyZWdyZXNzaW9uLnBkZgAAAAAAAAAAAAAAAAAAAAAAAAAAAAAAAAAAAAAAAAAAAAAAAAAAAAAAAP////8AAAAAAAAAAAAAAAAAAQACAAAKIGN1AAAAAAAAAAAAAAAAAA9SZXNlYXJjaF9QYXBlcnMAAAIAXC86VXNlcnM6cm9iZXJ0ZGFseTpEb2N1bWVudHM6TWFzdGVyRWNvbkFuYWx5c2lzOlRoZXNpczpSZXNlYXJjaF9QYXBlcnM6Y294MTk3MnJlZ3Jlc3Npb24ucGRmAA4ALAAVAGMAbwB4ADEAOQA3ADIAcgBlAGcAcgBlAHMAcwBpAG8AbgAuAHAAZABmAA8AGgAMAE0AYQBjAGkAbgB0AG8AcwBoACAASABEABIAWlVzZXJzL3JvYmVydGRhbHkvRG9jdW1lbnRzL01hc3RlckVjb25BbmFseXNpcy9UaGVzaXMvUmVzZWFyY2hfUGFwZXJzL2NveDE5NzJyZWdyZXNzaW9uLnBkZgATAAEvAAAVAAIAEf//AACABtIbHB0eWiRjbGFzc25hbWVYJGNsYXNzZXNdTlNNdXRhYmxlRGF0YaMdHyBWTlNEYXRhWE5TT2JqZWN00hscIiNcTlNEaWN0aW9uYXJ5oiIgXxAPTlNLZXllZEFyY2hpdmVy0SYnVHJvb3SAAQAIABEAGgAjAC0AMgA3AEAARgBNAFUAYABnAGoAbABuAHEAcwB1AHcAhACOALkAvgDGApACkgKXAqICqwK5Ar0CxALNAtIC3wLiAvQC9wL8AAAAAAAAAgEAAAAAAAAAKAAAAAAAAAAAAAAAAAAAAv4=}}

@manual{HILDA2017Manual,
	Author = {Summerfield, M and Brevitt, A and Freidin, S and Hahn, M and La, N and Macalalad, N and O'Shea, M and Watson, N and Wilkins, R and Wooden, M},
	Date-Added = {2018-04-07 08:08:16 +0000},
	Date-Modified = {2018-04-07 08:09:37 +0000},
	Organization = {Melbourne Institute of Applied Economic and Social Research, University of Melbourne},
	Title = {HILDA User Manual Release 16},
	Year = {2017},
	Bdsk-File-1 = {YnBsaXN0MDDUAQIDBAUGJCVYJHZlcnNpb25YJG9iamVjdHNZJGFyY2hpdmVyVCR0b3ASAAGGoKgHCBMUFRYaIVUkbnVsbNMJCgsMDxJXTlMua2V5c1pOUy5vYmplY3RzViRjbGFzc6INDoACgAOiEBGABIAFgAdccmVsYXRpdmVQYXRoWWFsaWFzRGF0YV8QKi4uL0RhdGEvSElMREFfVXNlcl9NYW51YWxfUmVsZWFzZV8xNS4wLnBkZtIXCxgZV05TLmRhdGFPEQHcAAAAAAHcAAIAAAxNYWNpbnRvc2ggSEQAAAAAAAAAAAAAAAAAAAAAAAAAQkQAAf////8fSElMREFfVXNlcl9NYW51YWxfI0ZGRkZGRkZGLnBkZgAAAAAAAAAAAAAAAAAAAAAAAAAAAAAAAAAAAAAAAAAA/////wAAAAAAAAAAAAAAAAABAAIAAAogY3UAAAAAAAAAAAAAAAAABERhdGEAAgBgLzpVc2Vyczpyb2JlcnRkYWx5OkRvY3VtZW50czpNYXN0ZXJFY29uQW5hbHlzaXM6RUNPTjcwMTA6RGF0YTpISUxEQV9Vc2VyX01hbnVhbF9SZWxlYXNlXzE1LjAucGRmAA4ARgAiAEgASQBMAEQAQQBfAFUAcwBlAHIAXwBNAGEAbgB1AGEAbABfAFIAZQBsAGUAYQBzAGUAXwAxADUALgAwAC4AcABkAGYADwAaAAwATQBhAGMAaQBuAHQAbwBzAGgAIABIAEQAEgBeVXNlcnMvcm9iZXJ0ZGFseS9Eb2N1bWVudHMvTWFzdGVyRWNvbkFuYWx5c2lzL0VDT043MDEwL0RhdGEvSElMREFfVXNlcl9NYW51YWxfUmVsZWFzZV8xNS4wLnBkZgATAAEvAAAVAAIAEf//AACABtIbHB0eWiRjbGFzc25hbWVYJGNsYXNzZXNdTlNNdXRhYmxlRGF0YaMdHyBWTlNEYXRhWE5TT2JqZWN00hscIiNcTlNEaWN0aW9uYXJ5oiIgXxAPTlNLZXllZEFyY2hpdmVy0SYnVHJvb3SAAQAIABEAGgAjAC0AMgA3AEAARgBNAFUAYABnAGoAbABuAHEAcwB1AHcAhACOALsAwADIAqgCqgKvAroCwwLRAtUC3ALlAuoC9wL6AwwDDwMUAAAAAAAAAgEAAAAAAAAAKAAAAAAAAAAAAAAAAAAAAxY=}}

@electronic{RBA2018f05hist,
	Author = {RBA},
	Date-Added = {2018-03-31 04:01:59 +0000},
	Date-Modified = {2018-03-31 04:07:45 +0000},
	Lastchecked = {2 March 2018},
	Organization = {The Reserve Bank of Australia},
	Title = {F5 Indicator Lending Rates},
	Year = {2018}}

@article{meyer1990unemployment,
	Author = {Bruce D. Meyer},
	Date-Added = {2018-02-22 03:10:49 +0000},
	Date-Modified = {2018-02-22 03:11:29 +0000},
	Journal = {Econometrica},
	Title = {Unemployment insurance and unemployment spells},
	Year = {1990},
	Bdsk-File-1 = {YnBsaXN0MDDUAQIDBAUGJCVYJHZlcnNpb25YJG9iamVjdHNZJGFyY2hpdmVyVCR0b3ASAAGGoKgHCBMUFRYaIVUkbnVsbNMJCgsMDxJXTlMua2V5c1pOUy5vYmplY3RzViRjbGFzc6INDoACgAOiEBGABIAFgAdccmVsYXRpdmVQYXRoWWFsaWFzRGF0YV8QLC4uL1Jlc2VhcmNoIFBhcGVycy9tZXllcjE5OTB1bmVtcGxveW1lbnQucGRm0hcLGBlXTlMuZGF0YU8RAdYAAAAAAdYAAgAADE1hY2ludG9zaCBIRAAAAAAAAAAAAAAAAAAAAAAAAABCRAAB/////xltZXllcjE5OTB1bmVtcGxveW1lbnQucGRmAAAAAAAAAAAAAAAAAAAAAAAAAAAAAAAAAAAAAAAAAAAAAAAAAAD/////AAAAAAAAAAAAAAAAAAEAAgAACiBjdQAAAAAAAAAAAAAAAAAPUmVzZWFyY2ggUGFwZXJzAAACAGAvOlVzZXJzOnJvYmVydGRhbHk6RG9jdW1lbnRzOk1hc3RlckVjb25BbmFseXNpczpUaGVzaXM6UmVzZWFyY2ggUGFwZXJzOm1leWVyMTk5MHVuZW1wbG95bWVudC5wZGYADgA0ABkAbQBlAHkAZQByADEAOQA5ADAAdQBuAGUAbQBwAGwAbwB5AG0AZQBuAHQALgBwAGQAZgAPABoADABNAGEAYwBpAG4AdABvAHMAaAAgAEgARAASAF5Vc2Vycy9yb2JlcnRkYWx5L0RvY3VtZW50cy9NYXN0ZXJFY29uQW5hbHlzaXMvVGhlc2lzL1Jlc2VhcmNoIFBhcGVycy9tZXllcjE5OTB1bmVtcGxveW1lbnQucGRmABMAAS8AABUAAgAR//8AAIAG0hscHR5aJGNsYXNzbmFtZVgkY2xhc3Nlc11OU011dGFibGVEYXRhox0fIFZOU0RhdGFYTlNPYmplY3TSGxwiI1xOU0RpY3Rpb25hcnmiIiBfEA9OU0tleWVkQXJjaGl2ZXLRJidUcm9vdIABAAgAEQAaACMALQAyADcAQABGAE0AVQBgAGcAagBsAG4AcQBzAHUAdwCEAI4AvQDCAMoCpAKmAqsCtgK/As0C0QLYAuEC5gLzAvYDCAMLAxAAAAAAAAACAQAAAAAAAAAoAAAAAAAAAAAAAAAAAAADEg==}}

@article{jenkins1995easy,
	Author = {Stephen P. Jenkins},
	Date-Added = {2018-02-22 03:09:26 +0000},
	Date-Modified = {2018-02-22 03:10:22 +0000},
	Journal = {Oxford Bulletin of Economics and Statistics},
	Title = {Easy estimation methods for discrete-time duration models},
	Year = {1995},
	Bdsk-File-1 = {YnBsaXN0MDDUAQIDBAUGJCVYJHZlcnNpb25YJG9iamVjdHNZJGFyY2hpdmVyVCR0b3ASAAGGoKgHCBMUFRYaIVUkbnVsbNMJCgsMDxJXTlMua2V5c1pOUy5vYmplY3RzViRjbGFzc6INDoACgAOiEBGABIAFgAdccmVsYXRpdmVQYXRoWWFsaWFzRGF0YV8QJi4uL1Jlc2VhcmNoIFBhcGVycy9qZW5raW5zMTk5NWVhc3kucGRm0hcLGBlXTlMuZGF0YU8RAb4AAAAAAb4AAgAADE1hY2ludG9zaCBIRAAAAAAAAAAAAAAAAAAAAAAAAABCRAAB/////xNqZW5raW5zMTk5NWVhc3kucGRmAAAAAAAAAAAAAAAAAAAAAAAAAAAAAAAAAAAAAAAAAAAAAAAAAAAAAAAAAAD/////AAAAAAAAAAAAAAAAAAEAAgAACiBjdQAAAAAAAAAAAAAAAAAPUmVzZWFyY2ggUGFwZXJzAAACAFovOlVzZXJzOnJvYmVydGRhbHk6RG9jdW1lbnRzOk1hc3RlckVjb25BbmFseXNpczpUaGVzaXM6UmVzZWFyY2ggUGFwZXJzOmplbmtpbnMxOTk1ZWFzeS5wZGYADgAoABMAagBlAG4AawBpAG4AcwAxADkAOQA1AGUAYQBzAHkALgBwAGQAZgAPABoADABNAGEAYwBpAG4AdABvAHMAaAAgAEgARAASAFhVc2Vycy9yb2JlcnRkYWx5L0RvY3VtZW50cy9NYXN0ZXJFY29uQW5hbHlzaXMvVGhlc2lzL1Jlc2VhcmNoIFBhcGVycy9qZW5raW5zMTk5NWVhc3kucGRmABMAAS8AABUAAgAR//8AAIAG0hscHR5aJGNsYXNzbmFtZVgkY2xhc3Nlc11OU011dGFibGVEYXRhox0fIFZOU0RhdGFYTlNPYmplY3TSGxwiI1xOU0RpY3Rpb25hcnmiIiBfEA9OU0tleWVkQXJjaGl2ZXLRJidUcm9vdIABAAgAEQAaACMALQAyADcAQABGAE0AVQBgAGcAagBsAG4AcQBzAHUAdwCEAI4AtwC8AMQChgKIAo0CmAKhAq8CswK6AsMCyALVAtgC6gLtAvIAAAAAAAACAQAAAAAAAAAoAAAAAAAAAAAAAAAAAAAC9A==}}

@article{barrett2000educational,
	Author = {Garry F. Barrett},
	Date-Added = {2018-02-22 03:05:53 +0000},
	Date-Modified = {2018-02-22 03:08:05 +0000},
	Journal = {Journal of Public Economics},
	Pages = {209-232},
	Title = {The effect of educational attainment on welfare dependence: Evidence from Canada},
	Volume = {77},
	Year = {2000},
	Bdsk-File-1 = {YnBsaXN0MDDUAQIDBAUGJCVYJHZlcnNpb25YJG9iamVjdHNZJGFyY2hpdmVyVCR0b3ASAAGGoKgHCBMUFRYaIVUkbnVsbNMJCgsMDxJXTlMua2V5c1pOUy5vYmplY3RzViRjbGFzc6INDoACgAOiEBGABIAFgAdccmVsYXRpdmVQYXRoWWFsaWFzRGF0YV8QLS4uL1Jlc2VhcmNoIFBhcGVycy9iYXJyZXR0MjAwMGVkdWNhdGlvbmFsLnBkZtIXCxgZV05TLmRhdGFPEQHcAAAAAAHcAAIAAAxNYWNpbnRvc2ggSEQAAAAAAAAAAAAAAAAAAAAAAAAAQkQAAf////8aYmFycmV0dDIwMDBlZHVjYXRpb25hbC5wZGYAAAAAAAAAAAAAAAAAAAAAAAAAAAAAAAAAAAAAAAAAAAAAAAAA/////wAAAAAAAAAAAAAAAAABAAIAAAogY3UAAAAAAAAAAAAAAAAAD1Jlc2VhcmNoIFBhcGVycwAAAgBhLzpVc2Vyczpyb2JlcnRkYWx5OkRvY3VtZW50czpNYXN0ZXJFY29uQW5hbHlzaXM6VGhlc2lzOlJlc2VhcmNoIFBhcGVyczpiYXJyZXR0MjAwMGVkdWNhdGlvbmFsLnBkZgAADgA2ABoAYgBhAHIAcgBlAHQAdAAyADAAMAAwAGUAZAB1AGMAYQB0AGkAbwBuAGEAbAAuAHAAZABmAA8AGgAMAE0AYQBjAGkAbgB0AG8AcwBoACAASABEABIAX1VzZXJzL3JvYmVydGRhbHkvRG9jdW1lbnRzL01hc3RlckVjb25BbmFseXNpcy9UaGVzaXMvUmVzZWFyY2ggUGFwZXJzL2JhcnJldHQyMDAwZWR1Y2F0aW9uYWwucGRmAAATAAEvAAAVAAIAEf//AACABtIbHB0eWiRjbGFzc25hbWVYJGNsYXNzZXNdTlNNdXRhYmxlRGF0YaMdHyBWTlNEYXRhWE5TT2JqZWN00hscIiNcTlNEaWN0aW9uYXJ5oiIgXxAPTlNLZXllZEFyY2hpdmVy0SYnVHJvb3SAAQAIABEAGgAjAC0AMgA3AEAARgBNAFUAYABnAGoAbABuAHEAcwB1AHcAhACOAL4AwwDLAqsCrQKyAr0CxgLUAtgC3wLoAu0C+gL9Aw8DEgMXAAAAAAAAAgEAAAAAAAAAKAAAAAAAAAAAAAAAAAAAAxk=}}

@book{cameron2005microeconometrics,
	Author = {A. Colin Cameron and Pravin K. Trivedi},
	Date-Added = {2018-02-20 05:04:59 +0000},
	Date-Modified = {2018-02-20 05:07:15 +0000},
	Publisher = {Cambridge University Press},
	Title = {Microeconometrics: Methods and Applications},
	Year = {2005}}

@article{puhani2000heckman,
	Abstract = {This paper gives a short overview of Monte Carlo studies on theusefulness of Heckman's (1976, 1979) two-step estimator for estimating selectionmodels. Such models occur frequently in empirical work, especially in microeconometrics when estimating wage equations or consumer expenditures. It is shown that exploratory work to check for collinearity problems is strongly recommended before deciding on which estimator to apply. In the absence of collinearity problems, the full-information maximum likelihood estimator is preferable to the limited-information two-step method of Heckman, although the latter also gives reasonable results. If, however, collinearity problems prevail, subsample OLS (or the Two-Part Model) is the most robust amongst the simple-to-calculate estimators.},
	Author = {Puhani, Patrick},
	Date-Added = {2017-10-19 00:06:28 +0000},
	Date-Modified = {2017-10-19 00:06:28 +0000},
	Journal = {Journal of economic surveys},
	Number = {1},
	Pages = {53--68},
	Publisher = {Wiley Online Library},
	Title = {The Heckman correction for sample selection and its critique},
	Volume = {14},
	Year = {2000},
	Bdsk-File-1 = {YnBsaXN0MDDUAQIDBAUGJCVYJHZlcnNpb25YJG9iamVjdHNZJGFyY2hpdmVyVCR0b3ASAAGGoKgHCBMUFRYaIVUkbnVsbNMJCgsMDxJXTlMua2V5c1pOUy5vYmplY3RzViRjbGFzc6INDoACgAOiEBGABIAFgAdccmVsYXRpdmVQYXRoWWFsaWFzRGF0YV8QLS4uLy4uL0VDT042OTA0L1JlYWRpbmdzL3B1aGFuaTIwMDBoZWNrbWFuLnBkZtIXCxgZV05TLmRhdGFPEQG2AAAAAAG2AAIAAAxNYWNpbnRvc2ggSEQAAAAAAAAAAAAAAAAAAAAAAAAAQkQAAf////8VcHVoYW5pMjAwMGhlY2ttYW4ucGRmAAAAAAAAAAAAAAAAAAAAAAAAAAAAAAAAAAAAAAAAAAAAAAAAAAAAAAAA/////wAAAAAAAAAAAAAAAAACAAMAAAogY3UAAAAAAAAAAAAAAAAACFJlYWRpbmdzAAIAVy86VXNlcnM6cm9iZXJ0ZGFseTpEb2N1bWVudHM6TWFzdGVyRWNvbkFuYWx5c2lzOkVDT042OTA0OlJlYWRpbmdzOnB1aGFuaTIwMDBoZWNrbWFuLnBkZgAADgAsABUAcAB1AGgAYQBuAGkAMgAwADAAMABoAGUAYwBrAG0AYQBuAC4AcABkAGYADwAaAAwATQBhAGMAaQBuAHQAbwBzAGgAIABIAEQAEgBVVXNlcnMvcm9iZXJ0ZGFseS9Eb2N1bWVudHMvTWFzdGVyRWNvbkFuYWx5c2lzL0VDT042OTA0L1JlYWRpbmdzL3B1aGFuaTIwMDBoZWNrbWFuLnBkZgAAEwABLwAAFQACABH//wAAgAbSGxwdHlokY2xhc3NuYW1lWCRjbGFzc2VzXU5TTXV0YWJsZURhdGGjHR8gVk5TRGF0YVhOU09iamVjdNIbHCIjXE5TRGljdGlvbmFyeaIiIF8QD05TS2V5ZWRBcmNoaXZlctEmJ1Ryb290gAEACAARABoAIwAtADIANwBAAEYATQBVAGAAZwBqAGwAbgBxAHMAdQB3AIQAjgC+AMMAywKFAocCjAKXAqACrgKyArkCwgLHAtQC1wLpAuwC8QAAAAAAAAIBAAAAAAAAACgAAAAAAAAAAAAAAAAAAALz}}

@article{Atalay2016House,
	Abstract = {There is a strong relationship between house prices changes and household indebtedness. Together, these findings reveal that house price increases are associated with a reallocation of household debt from non-mortgage debt to mortgage debt.
There are important differences in the relationship between house prices and household indebtedness across demographic groups, and by level of debt holdings.
House price movements have clear and consistent impacts on labour market activities. The magnitude of the effect varies by gender, family type and life-cycle stage.
},
	Annote = {Need to look at young, middle aged and old separately (aged 20-39, 40-54, and 55-75).
Also renters only, renters to home owners, and upscaler vs downscaler.

},
	Author = {Atalay, Kadir and Barrett, Garry and Edwards, Rebecca},
	Date-Added = {2017-10-17 08:04:40 +0000},
	Date-Modified = {2017-10-18 00:58:44 +0000},
	Journal = {AHURI Final Report},
	Number = {266},
	Publisher = {AHURI: Australian Housing and Urban research Institute},
	Title = {House prices, household debt and labour supply in Australia},
	Year = {2016},
	Bdsk-File-1 = {YnBsaXN0MDDUAQIDBAUGJCVYJHZlcnNpb25YJG9iamVjdHNZJGFyY2hpdmVyVCR0b3ASAAGGoKgHCBMUFRYaIVUkbnVsbNMJCgsMDxJXTlMua2V5c1pOUy5vYmplY3RzViRjbGFzc6INDoACgAOiEBGABIAFgAdccmVsYXRpdmVQYXRoWWFsaWFzRGF0YV8QPC4uLy4uLy4uLy4uL0Ryb3Bib3gvUHJlbGltaW5hcnkgcmVzZWFyY2gvQXRhbGF5MjAxNkhvdXNlLnBkZtIXCxgZV05TLmRhdGFPEQGWAAAAAAGWAAIAAAxNYWNpbnRvc2ggSEQAAAAAAAAAAAAAAAAAAAAAAAAAQkQAAf////8TQXRhbGF5MjAxNkhvdXNlLnBkZgAAAAAAAAAAAAAAAAAAAAAAAAAAAAAAAAAAAAAAAAAAAAAAAAAAAAAAAAAA/////wAAAAAAAAAAAAAAAAAEAAMAAAogY3UAAAAAAAAAAAAAAAAAFFByZWxpbWluYXJ5IHJlc2VhcmNoAAIAQy86VXNlcnM6cm9iZXJ0ZGFseTpEcm9wYm94OlByZWxpbWluYXJ5IHJlc2VhcmNoOkF0YWxheTIwMTZIb3VzZS5wZGYAAA4AKAATAEEAdABhAGwAYQB5ADIAMAAxADYASABvAHUAcwBlAC4AcABkAGYADwAaAAwATQBhAGMAaQBuAHQAbwBzAGgAIABIAEQAEgBBVXNlcnMvcm9iZXJ0ZGFseS9Ecm9wYm94L1ByZWxpbWluYXJ5IHJlc2VhcmNoL0F0YWxheTIwMTZIb3VzZS5wZGYAABMAAS8AABUAAgAR//8AAIAG0hscHR5aJGNsYXNzbmFtZVgkY2xhc3Nlc11OU011dGFibGVEYXRhox0fIFZOU0RhdGFYTlNPYmplY3TSGxwiI1xOU0RpY3Rpb25hcnmiIiBfEA9OU0tleWVkQXJjaGl2ZXLRJidUcm9vdIABAAgAEQAaACMALQAyADcAQABGAE0AVQBgAGcAagBsAG4AcQBzAHUAdwCEAI4AzQDSANoCdAJ2AnsChgKPAp0CoQKoArECtgLDAsYC2ALbAuAAAAAAAAACAQAAAAAAAAAoAAAAAAAAAAAAAAAAAAAC4g==}}

@article{bourassa1994independent,
	Abstract = {This study extends economic models of the joint decisions of living arrangement and home ownership. The cost of shelter is an important factor in determining whether youth live independently (apart from parents and other non-related adults), and the cost of home ownership relative to renting is important to the tenure decision (choice of owning or renting). Simulations suggest that the post-1985 decline and eventual removal of the Australian subsidy for first-time home owners has lowered the home ownership rate among young households by 23 per cent, the equivalent of slowing the time to first ownership by two years.},
	Author = {Bourassa, Steven C and Haurin, Donald R and Haurin, R Jean and Hendershott, Patric H},
	Date-Added = {2017-10-11 01:30:41 +0000},
	Date-Modified = {2017-10-11 01:30:41 +0000},
	Journal = {Australian Economic Review},
	Number = {3},
	Pages = {29--44},
	Publisher = {Wiley Online Library},
	Title = {Independent living and home ownership: an analysis of Australian youth},
	Volume = {27},
	Year = {1994},
	Bdsk-File-1 = {YnBsaXN0MDDUAQIDBAUGJCVYJHZlcnNpb25YJG9iamVjdHNZJGFyY2hpdmVyVCR0b3ASAAGGoKgHCBMUFRYaIVUkbnVsbNMJCgsMDxJXTlMua2V5c1pOUy5vYmplY3RzViRjbGFzc6INDoACgAOiEBGABIAFgAdccmVsYXRpdmVQYXRoWWFsaWFzRGF0YV8QRC4uLy4uLy4uLy4uL0Ryb3Bib3gvUHJlbGltaW5hcnkgcmVzZWFyY2gvYm91cmFzc2ExOTk0aW5kZXBlbmRlbnQucGRm0hcLGBlXTlMuZGF0YU8RAbYAAAAAAbYAAgAADE1hY2ludG9zaCBIRAAAAAAAAAAAAAAAAAAAAAAAAABCRAAB/////xtib3VyYXNzYTE5OTRpbmRlcGVuZGVudC5wZGYAAAAAAAAAAAAAAAAAAAAAAAAAAAAAAAAAAAAAAAAAAAAAAAD/////AAAAAAAAAAAAAAAAAAQAAwAACiBjdQAAAAAAAAAAAAAAAAAUUHJlbGltaW5hcnkgcmVzZWFyY2gAAgBLLzpVc2Vyczpyb2JlcnRkYWx5OkRyb3Bib3g6UHJlbGltaW5hcnkgcmVzZWFyY2g6Ym91cmFzc2ExOTk0aW5kZXBlbmRlbnQucGRmAAAOADgAGwBiAG8AdQByAGEAcwBzAGEAMQA5ADkANABpAG4AZABlAHAAZQBuAGQAZQBuAHQALgBwAGQAZgAPABoADABNAGEAYwBpAG4AdABvAHMAaAAgAEgARAASAElVc2Vycy9yb2JlcnRkYWx5L0Ryb3Bib3gvUHJlbGltaW5hcnkgcmVzZWFyY2gvYm91cmFzc2ExOTk0aW5kZXBlbmRlbnQucGRmAAATAAEvAAAVAAIAEf//AACABtIbHB0eWiRjbGFzc25hbWVYJGNsYXNzZXNdTlNNdXRhYmxlRGF0YaMdHyBWTlNEYXRhWE5TT2JqZWN00hscIiNcTlNEaWN0aW9uYXJ5oiIgXxAPTlNLZXllZEFyY2hpdmVy0SYnVHJvb3SAAQAIABEAGgAjAC0AMgA3AEAARgBNAFUAYABnAGoAbABuAHEAcwB1AHcAhACOANUA2gDiApwCngKjAq4CtwLFAskC0ALZAt4C6wLuAwADAwMIAAAAAAAAAgEAAAAAAAAAKAAAAAAAAAAAAAAAAAAAAwo=}}

@article{flatau2007leaving,
	Abstract = {The decision to remain in or leave the parental home represents the first housing career choice of young people. In this paper, we examine the parental home leaving outcomes for Australian birth cohorts in the twentieth century using recall questions contained in the Household, Income and Labour Dynamics in Australia Survey. The findings from survival analysis and hazard function modelling is that a continuous, gradual reduction in the age of first leaving the parental home in Australia is evident up to the 1947-51 birth cohort, followed by stability and then a rise in age of first leaving home for the most recent birth cohorts. Birth cohort effects remain significant even after other measured determinants of parental home leaving are taken into account. The paper confirms the strong roles that education, family background and ethnicity have on parental home leaving outcomes.},
	Author = {Flatau, Paul and James, Ian and Watson, Richard and Wood, Gavin and Hendershott, Patric H.},
	Date-Added = {2017-09-28 06:31:00 +0000},
	Date-Modified = {2018-04-23 01:56:27 +0000},
	Day = {01},
	Doi = {10.1007/BF03031878},
	Issn = {1835-9469},
	Journal = {Journal of Population Research},
	Month = {3},
	Number = {1},
	Pages = {51--71},
	Title = {Leaving the parental home in Australia over the generations: Evidence from the Household, Income and Labour Dynamics in Australia (Hilda) Survey},
	Url = {https://doi.org/10.1007/BF03031878},
	Volume = {24},
	Year = {2007},
	Bdsk-File-1 = {YnBsaXN0MDDUAQIDBAUGJCVYJHZlcnNpb25YJG9iamVjdHNZJGFyY2hpdmVyVCR0b3ASAAGGoKgHCBMUFRYaIVUkbnVsbNMJCgsMDxJXTlMua2V5c1pOUy5vYmplY3RzViRjbGFzc6INDoACgAOiEBGABIAFgAdccmVsYXRpdmVQYXRoWWFsaWFzRGF0YV8QPi4uLy4uLy4uLy4uL0Ryb3Bib3gvUHJlbGltaW5hcnkgcmVzZWFyY2gvZmxhdGF1MjAwN2xlYXZpbmcucGRm0hcLGBlXTlMuZGF0YU8RAZ4AAAAAAZ4AAgAADE1hY2ludG9zaCBIRAAAAAAAAAAAAAAAAAAAAAAAAABCRAAB/////xVmbGF0YXUyMDA3bGVhdmluZy5wZGYAAAAAAAAAAAAAAAAAAAAAAAAAAAAAAAAAAAAAAAAAAAAAAAAAAAAAAAD/////AAAAAAAAAAAAAAAAAAQAAwAACiBjdQAAAAAAAAAAAAAAAAAUUHJlbGltaW5hcnkgcmVzZWFyY2gAAgBFLzpVc2Vyczpyb2JlcnRkYWx5OkRyb3Bib3g6UHJlbGltaW5hcnkgcmVzZWFyY2g6ZmxhdGF1MjAwN2xlYXZpbmcucGRmAAAOACwAFQBmAGwAYQB0AGEAdQAyADAAMAA3AGwAZQBhAHYAaQBuAGcALgBwAGQAZgAPABoADABNAGEAYwBpAG4AdABvAHMAaAAgAEgARAASAENVc2Vycy9yb2JlcnRkYWx5L0Ryb3Bib3gvUHJlbGltaW5hcnkgcmVzZWFyY2gvZmxhdGF1MjAwN2xlYXZpbmcucGRmAAATAAEvAAAVAAIAEf//AACABtIbHB0eWiRjbGFzc25hbWVYJGNsYXNzZXNdTlNNdXRhYmxlRGF0YaMdHyBWTlNEYXRhWE5TT2JqZWN00hscIiNcTlNEaWN0aW9uYXJ5oiIgXxAPTlNLZXllZEFyY2hpdmVy0SYnVHJvb3SAAQAIABEAGgAjAC0AMgA3AEAARgBNAFUAYABnAGoAbABuAHEAcwB1AHcAhACOAM8A1ADcAn4CgAKFApACmQKnAqsCsgK7AsACzQLQAuIC5QLqAAAAAAAAAgEAAAAAAAAAKAAAAAAAAAAAAAAAAAAAAuw=},
	Bdsk-Url-1 = {https://doi.org/10.1007/BF03031878},
	Bdsk-Url-2 = {http://dx.doi.org/10.1007/BF03031878}}

@article{weston2001australian,
	Abstract = {The concern generated by family change sometimes causes great angst. But it can also be a sign of healthy vigilance about the direction society is heading - its ability to adapt and evolve. This article traces key transitions in family life since Federation, some of their causes, and how we might best understand their implications. The article focuses on changing patterns of common family transitions - young adults leaving home, forming partnerships, having children, divorcing, repartnering - transitions that have profound effects on each family member and on the structure of the family as a whole. Tables and graphs provide key comparative statistics over time, for example: young men and women living with their parents; percentage of men and women aged 45-49 years who have ever married; age specific first marriage rates; fertility rates; divorce rates; family types; labour force partipation of married women and women with dependent children.},
	Author = {Weston, Ruth and Stanton, David and Qu, Lixia and Soriano, Grace},
	Date-Added = {2017-09-22 00:07:37 +0000},
	Date-Modified = {2017-10-18 00:46:30 +0000},
	Journal = {Family Matters},
	Number = {60},
	Pages = {12},
	Publisher = {Australian Institute of Family Studies},
	Title = {Australian families in transition: Some socio-demographic trends 1901-2001},
	Year = {2001},
	Bdsk-File-1 = {YnBsaXN0MDDUAQIDBAUGJCVYJHZlcnNpb25YJG9iamVjdHNZJGFyY2hpdmVyVCR0b3ASAAGGoKgHCBMUFRYaIVUkbnVsbNMJCgsMDxJXTlMua2V5c1pOUy5vYmplY3RzViRjbGFzc6INDoACgAOiEBGABIAFgAdccmVsYXRpdmVQYXRoWWFsaWFzRGF0YV8QQS4uLy4uLy4uLy4uL0Ryb3Bib3gvUHJlbGltaW5hcnkgcmVzZWFyY2gvd2VzdG9uMjAwMWF1c3RyYWxpYW4ucGRm0hcLGBlXTlMuZGF0YU8RAagAAAAAAagAAgAADE1hY2ludG9zaCBIRAAAAAAAAAAAAAAAAAAAAAAAAABCRAAB/////xh3ZXN0b24yMDAxYXVzdHJhbGlhbi5wZGYAAAAAAAAAAAAAAAAAAAAAAAAAAAAAAAAAAAAAAAAAAAAAAAAAAAD/////AAAAAAAAAAAAAAAAAAQAAwAACiBjdQAAAAAAAAAAAAAAAAAUUHJlbGltaW5hcnkgcmVzZWFyY2gAAgBILzpVc2Vyczpyb2JlcnRkYWx5OkRyb3Bib3g6UHJlbGltaW5hcnkgcmVzZWFyY2g6d2VzdG9uMjAwMWF1c3RyYWxpYW4ucGRmAA4AMgAYAHcAZQBzAHQAbwBuADIAMAAwADEAYQB1AHMAdAByAGEAbABpAGEAbgAuAHAAZABmAA8AGgAMAE0AYQBjAGkAbgB0AG8AcwBoACAASABEABIARlVzZXJzL3JvYmVydGRhbHkvRHJvcGJveC9QcmVsaW1pbmFyeSByZXNlYXJjaC93ZXN0b24yMDAxYXVzdHJhbGlhbi5wZGYAEwABLwAAFQACABH//wAAgAbSGxwdHlokY2xhc3NuYW1lWCRjbGFzc2VzXU5TTXV0YWJsZURhdGGjHR8gVk5TRGF0YVhOU09iamVjdNIbHCIjXE5TRGljdGlvbmFyeaIiIF8QD05TS2V5ZWRBcmNoaXZlctEmJ1Ryb290gAEACAARABoAIwAtADIANwBAAEYATQBVAGAAZwBqAGwAbgBxAHMAdQB3AIQAjgDSANcA3wKLAo0CkgKdAqYCtAK4Ar8CyALNAtoC3QLvAvIC9wAAAAAAAAIBAAAAAAAAACgAAAAAAAAAAAAAAAAAAAL5}}

@article{browne2013understanding,
	Abstract = {This paper employs the user cost of capital to examine Irish house price movements. The bundle of services afforded by a dwelling can be accessed either by renting the dwelling or
by outright purchase. Between 2002 and 2007, a combination of factors including rapid house price appreciation and the prevailing fiscal and monetary environment created a
strong bias towards homeownership. This was reflected in a negative user cost of housing as capital gains exceeded funding costs (both direct mortgage cost and the opportunity cost) thereby incentivising home ownership and fuelling further increases in prices. We find that the collapse in house prices since 2007 has contributed to a reversal of this process. From
mid-2007 onwards, the user cost has soared as capital losses have greatly exceeded the funding costs (albeit falling) causing house prices to fall further. Both fiscal and financial
policy measures which could enable a more efficient functioning of the housing market are
discussed.},
	Author = {Browne, Frank and Conefrey, Thomas and Kennedy, Gerard},
	Date-Added = {2017-09-21 23:45:28 +0000},
	Date-Modified = {2017-10-18 00:46:10 +0000},
	Journal = {Research Technical Paper 04RT13, Central Bank of Ireland},
	Title = {Understanding Irish house price movements--a user cost of capital approach},
	Year = {2013},
	Bdsk-File-1 = {YnBsaXN0MDDUAQIDBAUGJCVYJHZlcnNpb25YJG9iamVjdHNZJGFyY2hpdmVyVCR0b3ASAAGGoKgHCBMUFRYaIVUkbnVsbNMJCgsMDxJXTlMua2V5c1pOUy5vYmplY3RzViRjbGFzc6INDoACgAOiEBGABIAFgAdccmVsYXRpdmVQYXRoWWFsaWFzRGF0YV8QRC4uLy4uLy4uLy4uL0Ryb3Bib3gvUHJlbGltaW5hcnkgcmVzZWFyY2gvYnJvd25lMjAxM3VuZGVyc3RhbmRpbmcucGRm0hcLGBlXTlMuZGF0YU8RAbYAAAAAAbYAAgAADE1hY2ludG9zaCBIRAAAAAAAAAAAAAAAAAAAAAAAAABCRAAB/////xticm93bmUyMDEzdW5kZXJzdGFuZGluZy5wZGYAAAAAAAAAAAAAAAAAAAAAAAAAAAAAAAAAAAAAAAAAAAAAAAD/////AAAAAAAAAAAAAAAAAAQAAwAACiBjdQAAAAAAAAAAAAAAAAAUUHJlbGltaW5hcnkgcmVzZWFyY2gAAgBLLzpVc2Vyczpyb2JlcnRkYWx5OkRyb3Bib3g6UHJlbGltaW5hcnkgcmVzZWFyY2g6YnJvd25lMjAxM3VuZGVyc3RhbmRpbmcucGRmAAAOADgAGwBiAHIAbwB3AG4AZQAyADAAMQAzAHUAbgBkAGUAcgBzAHQAYQBuAGQAaQBuAGcALgBwAGQAZgAPABoADABNAGEAYwBpAG4AdABvAHMAaAAgAEgARAASAElVc2Vycy9yb2JlcnRkYWx5L0Ryb3Bib3gvUHJlbGltaW5hcnkgcmVzZWFyY2gvYnJvd25lMjAxM3VuZGVyc3RhbmRpbmcucGRmAAATAAEvAAAVAAIAEf//AACABtIbHB0eWiRjbGFzc25hbWVYJGNsYXNzZXNdTlNNdXRhYmxlRGF0YaMdHyBWTlNEYXRhWE5TT2JqZWN00hscIiNcTlNEaWN0aW9uYXJ5oiIgXxAPTlNLZXllZEFyY2hpdmVy0SYnVHJvb3SAAQAIABEAGgAjAC0AMgA3AEAARgBNAFUAYABnAGoAbABuAHEAcwB1AHcAhACOANUA2gDiApwCngKjAq4CtwLFAskC0ALZAt4C6wLuAwADAwMIAAAAAAAAAgEAAAAAAAAAKAAAAAAAAAAAAAAAAAAAAwo=}}

@article{duffy2013ESRI,
	Author = {Duffy, David},
	Date-Added = {2017-09-21 23:32:23 +0000},
	Date-Modified = {2017-10-18 00:56:51 +0000},
	Journal = {ESRI Quarterly Economic Commentary Series,},
	Pages = {15-16},
	Title = {Box 1: The Expected User Cost of Housing},
	Volume = {Autumn},
	Year = {2013},
	Bdsk-File-1 = {YnBsaXN0MDDUAQIDBAUGJCVYJHZlcnNpb25YJG9iamVjdHNZJGFyY2hpdmVyVCR0b3ASAAGGoKgHCBMUFRYaIVUkbnVsbNMJCgsMDxJXTlMua2V5c1pOUy5vYmplY3RzViRjbGFzc6INDoACgAOiEBGABIAFgAdccmVsYXRpdmVQYXRoWWFsaWFzRGF0YV8QOi4uLy4uLy4uLy4uL0Ryb3Bib3gvUHJlbGltaW5hcnkgcmVzZWFyY2gvZHVmZnkyMDEzRVNSSS5wZGbSFwsYGVdOUy5kYXRhTxEBjgAAAAABjgACAAAMTWFjaW50b3NoIEhEAAAAAAAAAAAAAAAAAAAAAAAAAEJEAAH/////EWR1ZmZ5MjAxM0VTUkkucGRmAAAAAAAAAAAAAAAAAAAAAAAAAAAAAAAAAAAAAAAAAAAAAAAAAAAAAAAAAAAAAP////8AAAAAAAAAAAAAAAAABAADAAAKIGN1AAAAAAAAAAAAAAAAABRQcmVsaW1pbmFyeSByZXNlYXJjaAACAEEvOlVzZXJzOnJvYmVydGRhbHk6RHJvcGJveDpQcmVsaW1pbmFyeSByZXNlYXJjaDpkdWZmeTIwMTNFU1JJLnBkZgAADgAkABEAZAB1AGYAZgB5ADIAMAAxADMARQBTAFIASQAuAHAAZABmAA8AGgAMAE0AYQBjAGkAbgB0AG8AcwBoACAASABEABIAP1VzZXJzL3JvYmVydGRhbHkvRHJvcGJveC9QcmVsaW1pbmFyeSByZXNlYXJjaC9kdWZmeTIwMTNFU1JJLnBkZgAAEwABLwAAFQACABH//wAAgAbSGxwdHlokY2xhc3NuYW1lWCRjbGFzc2VzXU5TTXV0YWJsZURhdGGjHR8gVk5TRGF0YVhOU09iamVjdNIbHCIjXE5TRGljdGlvbmFyeaIiIF8QD05TS2V5ZWRBcmNoaXZlctEmJ1Ryb290gAEACAARABoAIwAtADIANwBAAEYATQBVAGAAZwBqAGwAbgBxAHMAdQB3AIQAjgDLANAA2AJqAmwCcQJ8AoUCkwKXAp4CpwKsArkCvALOAtEC1gAAAAAAAAIBAAAAAAAAACgAAAAAAAAAAAAAAAAAAALY}}

@article{cobb2008leaving,
	Abstract = {Like their counterparts elsewhere, more young Australians than ever are delaying the move to establish residential independence from their parents. This paper reviews the developing economics literature surrounding young people's decisions to continue living in their parents' homes in order to begin to assess the causes and consequences of this decision. In particular, co-residence with parents appears to be an important form of intergenerational support for young adults. It is important to understand the extent to which young people rely on this form of support as they complete their education, enter the labour market and establish themselves as independent adults. Specific attention is paid to the ways in which Australian income support, education and housing policies may influence these patterns.},
	Annote = {Good summary of the reasearch on household formation. The history is that these decisions have changed over time, with the decision being linked to marriage before the 1950s. With increasing desire for independence, children left home early. In recent times this has reversed driven by more tertiary education and labour market conditions. Key considerations include rents, availability of credit and house prices. Weston et al in 2001 provide the trend up to 2000 in co-residence that could be usefully updated. Much international research on housing demand by Ernisch (1999, 2003) and Di Salvo (1997). Bourassa et al in 1994 did a review of the Austrlaian situation. 
Other key considerations included the presence of step parents, parental income (not a linear nor monotonic relationship) and location of parents house to labour markets. Look also for Australian work by Marks in 2005 and Flatau in 2003.
},
	Author = {Cobb-Clark, Deborah A},
	Date-Added = {2017-09-19 05:55:47 +0000},
	Date-Modified = {2017-09-20 23:21:36 +0000},
	Journal = {Australian Economic Review},
	Number = {2},
	Pages = {160--176},
	Publisher = {Wiley Online Library},
	Title = {Leaving home: What economics has to say about the living arrangements of young Australians},
	Volume = {41},
	Year = {2008},
	Bdsk-File-1 = {YnBsaXN0MDDUAQIDBAUGJCVYJHZlcnNpb25YJG9iamVjdHNZJGFyY2hpdmVyVCR0b3ASAAGGoKgHCBMUFRYaIVUkbnVsbNMJCgsMDxJXTlMua2V5c1pOUy5vYmplY3RzViRjbGFzc6INDoACgAOiEBGABIAFgAdccmVsYXRpdmVQYXRoWWFsaWFzRGF0YV8QPC4uLy4uLy4uLy4uL0Ryb3Bib3gvUHJlbGltaW5hcnkgcmVzZWFyY2gvY29iYjIwMDhsZWF2aW5nLnBkZtIXCxgZV05TLmRhdGFPEQGWAAAAAAGWAAIAAAxNYWNpbnRvc2ggSEQAAAAAAAAAAAAAAAAAAAAAAAAAQkQAAf////8TY29iYjIwMDhsZWF2aW5nLnBkZgAAAAAAAAAAAAAAAAAAAAAAAAAAAAAAAAAAAAAAAAAAAAAAAAAAAAAAAAAA/////wAAAAAAAAAAAAAAAAAEAAMAAAogY3UAAAAAAAAAAAAAAAAAFFByZWxpbWluYXJ5IHJlc2VhcmNoAAIAQy86VXNlcnM6cm9iZXJ0ZGFseTpEcm9wYm94OlByZWxpbWluYXJ5IHJlc2VhcmNoOmNvYmIyMDA4bGVhdmluZy5wZGYAAA4AKAATAGMAbwBiAGIAMgAwADAAOABsAGUAYQB2AGkAbgBnAC4AcABkAGYADwAaAAwATQBhAGMAaQBuAHQAbwBzAGgAIABIAEQAEgBBVXNlcnMvcm9iZXJ0ZGFseS9Ecm9wYm94L1ByZWxpbWluYXJ5IHJlc2VhcmNoL2NvYmIyMDA4bGVhdmluZy5wZGYAABMAAS8AABUAAgAR//8AAIAG0hscHR5aJGNsYXNzbmFtZVgkY2xhc3Nlc11OU011dGFibGVEYXRhox0fIFZOU0RhdGFYTlNPYmplY3TSGxwiI1xOU0RpY3Rpb25hcnmiIiBfEA9OU0tleWVkQXJjaGl2ZXLRJidUcm9vdIABAAgAEQAaACMALQAyADcAQABGAE0AVQBgAGcAagBsAG4AcQBzAHUAdwCEAI4AzQDSANoCdAJ2AnsChgKPAp0CoQKoArECtgLDAsYC2ALbAuAAAAAAAAACAQAAAAAAAAAoAAAAAAAAAAAAAAAAAAAC4g==}}

@electronic{ABS2017HIW,
	Author = {Australian Bureau of Statistics},
	Date-Added = {2017-09-18 03:03:02 +0000},
	Date-Modified = {2018-04-23 01:38:42 +0000},
	Lastchecked = {September 2017},
	Series = {6523.0},
	Title = {Survey of Income and Housing},
	Year = {2017},
	Bdsk-Url-1 = {http://www.abs.gov.au/AUSSTATS/abs@.nsf/Lookup/6523.0Explanatory%20Notes12015-16?OpenDocument}}

@article{byrne2014household,
	Abstract = {This paper analyses the household formation and tenure choice decisions of different age cohorts in the Irish market. We use data covering the years 2001 to 2011, a period which encompasses the boom, bubble and collapse in the Irish housing market. We find that the household formation decision is affected by the rent-to-income ratio while tenure choice depends upon the difference between rent and the user cost of housing, a notional cost of services derived from owning a home. After the crash, the balance of these costs favoured renting, resulting in a decrease in owner occupancy. In addition, we find that falling average rents caused entry to the housing market to become more affordable, and that this is linked to significantly higher household formation rates.},
	Annote = {Housing crisis provides natural experiment
Consider owning, renting and social housing
Shows that rent levels drive household formation as people seem to rent first in Ireland and then later buy.
},
	Author = {Byrne, David and Duffy, David and FitzGerald, John},
	Date-Added = {2017-09-18 02:40:23 +0000},
	Date-Modified = {2017-10-18 00:53:26 +0000},
	Journal = {ESRI Working Paper},
	Title = {Household Formation and Tenure Choice: Did the great Irish housing bust alter consumer behaviour?},
	Year = {2014},
	Bdsk-File-1 = {YnBsaXN0MDDUAQIDBAUGJCVYJHZlcnNpb25YJG9iamVjdHNZJGFyY2hpdmVyVCR0b3ASAAGGoKgHCBMUFRYaIVUkbnVsbNMJCgsMDxJXTlMua2V5c1pOUy5vYmplY3RzViRjbGFzc6INDoACgAOiEBGABIAFgAdccmVsYXRpdmVQYXRoWWFsaWFzRGF0YV8QPy4uLy4uLy4uLy4uL0Ryb3Bib3gvUHJlbGltaW5hcnkgcmVzZWFyY2gvYnlybmUyMDE0aG91c2Vob2xkLnBkZtIXCxgZV05TLmRhdGFPEQGgAAAAAAGgAAIAAAxNYWNpbnRvc2ggSEQAAAAAAAAAAAAAAAAAAAAAAAAAQkQAAf////8WYnlybmUyMDE0aG91c2Vob2xkLnBkZgAAAAAAAAAAAAAAAAAAAAAAAAAAAAAAAAAAAAAAAAAAAAAAAAAAAAAA/////wAAAAAAAAAAAAAAAAAEAAMAAAogY3UAAAAAAAAAAAAAAAAAFFByZWxpbWluYXJ5IHJlc2VhcmNoAAIARi86VXNlcnM6cm9iZXJ0ZGFseTpEcm9wYm94OlByZWxpbWluYXJ5IHJlc2VhcmNoOmJ5cm5lMjAxNGhvdXNlaG9sZC5wZGYADgAuABYAYgB5AHIAbgBlADIAMAAxADQAaABvAHUAcwBlAGgAbwBsAGQALgBwAGQAZgAPABoADABNAGEAYwBpAG4AdABvAHMAaAAgAEgARAASAERVc2Vycy9yb2JlcnRkYWx5L0Ryb3Bib3gvUHJlbGltaW5hcnkgcmVzZWFyY2gvYnlybmUyMDE0aG91c2Vob2xkLnBkZgATAAEvAAAVAAIAEf//AACABtIbHB0eWiRjbGFzc25hbWVYJGNsYXNzZXNdTlNNdXRhYmxlRGF0YaMdHyBWTlNEYXRhWE5TT2JqZWN00hscIiNcTlNEaWN0aW9uYXJ5oiIgXxAPTlNLZXllZEFyY2hpdmVy0SYnVHJvb3SAAQAIABEAGgAjAC0AMgA3AEAARgBNAFUAYABnAGoAbABuAHEAcwB1AHcAhACOANAA1QDdAoECgwKIApMCnAKqAq4CtQK+AsMC0ALTAuUC6ALtAAAAAAAAAgEAAAAAAAAAKAAAAAAAAAAAAAAAAAAAAu8=}}

@article{lee2013happens,
	Abstract = {While many studies have investigated the determinants of housing demand, very few studies have focused on how economic conditions affect the formation of potential households directly. Potential households may choose to delay entry into the housing market by remaining with one's parents during times of economic hardship or by combining with other persons to share housing costs. Using a variety of modeling approaches, we find that both the increase in the unemployment rate and the presence of recessions reduce the rate of household formation. Simulations suggest that these declines are substantively important. For example, in a recession, the likelihood that a young adult will form an independent household falls by 1-9\% points depending on the age of the person. By way of comparison, if an individual is unemployed, the likelihood of leaving the parental home is up to 11\% points lower.},
	Annote = {Closest to what I am trying to do for Australia. Good base model and uses simulation also.

Research has also found that demographic characteristics of children, such as gender (Murphy and Wang, 1998) and race (Goldscheider and DaVanzo, 1989), and family structure (Goldscheider and Goldscheider, 1998 and Murphy and Wang, 1998) predict the timing of when young adults establish independence.

The current evidence is also inconclusive concerning the impact of housing prices and rents on the timing of household formation.  Proceeds to list research on the topic.

At present, there are only two papers that test whether local labor market conditions influence household formation rates. 

Uses Heckman style selection model.
},
	Author = {Lee, Kwan Ok and Painter, Gary},
	Date-Added = {2017-09-18 02:39:20 +0000},
	Date-Modified = {2017-09-18 02:39:20 +0000},
	Journal = {Journal of Urban Economics},
	Pages = {93--109},
	Publisher = {Elsevier},
	Read = {1},
	Title = {What happens to household formation in a recession?},
	Volume = {76},
	Year = {2013},
	Bdsk-File-1 = {YnBsaXN0MDDUAQIDBAUGJCVYJHZlcnNpb25YJG9iamVjdHNZJGFyY2hpdmVyVCR0b3ASAAGGoKgHCBMUFRYaIVUkbnVsbNMJCgsMDxJXTlMua2V5c1pOUy5vYmplY3RzViRjbGFzc6INDoACgAOiEBGABIAFgAdccmVsYXRpdmVQYXRoWWFsaWFzRGF0YV8QOy4uLy4uLy4uLy4uL0Ryb3Bib3gvUHJlbGltaW5hcnkgcmVzZWFyY2gvbGVlMjAxM2hhcHBlbnMucGRm0hcLGBlXTlMuZGF0YU8RAZAAAAAAAZAAAgAADE1hY2ludG9zaCBIRAAAAAAAAAAAAAAAAAAAAAAAAABCRAAB/////xJsZWUyMDEzaGFwcGVucy5wZGYAAAAAAAAAAAAAAAAAAAAAAAAAAAAAAAAAAAAAAAAAAAAAAAAAAAAAAAAAAAD/////AAAAAAAAAAAAAAAAAAQAAwAACiBjdQAAAAAAAAAAAAAAAAAUUHJlbGltaW5hcnkgcmVzZWFyY2gAAgBCLzpVc2Vyczpyb2JlcnRkYWx5OkRyb3Bib3g6UHJlbGltaW5hcnkgcmVzZWFyY2g6bGVlMjAxM2hhcHBlbnMucGRmAA4AJgASAGwAZQBlADIAMAAxADMAaABhAHAAcABlAG4AcwAuAHAAZABmAA8AGgAMAE0AYQBjAGkAbgB0AG8AcwBoACAASABEABIAQFVzZXJzL3JvYmVydGRhbHkvRHJvcGJveC9QcmVsaW1pbmFyeSByZXNlYXJjaC9sZWUyMDEzaGFwcGVucy5wZGYAEwABLwAAFQACABH//wAAgAbSGxwdHlokY2xhc3NuYW1lWCRjbGFzc2VzXU5TTXV0YWJsZURhdGGjHR8gVk5TRGF0YVhOU09iamVjdNIbHCIjXE5TRGljdGlvbmFyeaIiIF8QD05TS2V5ZWRBcmNoaXZlctEmJ1Ryb290gAEACAARABoAIwAtADIANwBAAEYATQBVAGAAZwBqAGwAbgBxAHMAdQB3AIQAjgDMANEA2QJtAm8CdAJ/AogClgKaAqECqgKvArwCvwLRAtQC2QAAAAAAAAIBAAAAAAAAACgAAAAAAAAAAAAAAAAAAALb}}
